<record><leader>00000cas a22000007a 4500</leader><controlfield tag="001">10355048</controlfield><controlfield tag="008">840130d18051807meuwr ne      0    0eng d</controlfield><datafield ind1=" " ind2=" " tag="010"><subfield code="a">sn 84022341 </subfield></datafield><datafield ind1=" " ind2=" " tag="040"><subfield code="a">NPX</subfield><subfield code="b">eng</subfield><subfield code="c">NPX</subfield><subfield code="d">YOX</subfield><subfield code="d">MBN</subfield><subfield code="d">OCLCG</subfield><subfield code="d">DLC</subfield><subfield code="d">OCLCO</subfield></datafield><datafield ind1=" " ind2=" " tag="042"><subfield code="a">msc</subfield></datafield><datafield ind1=" " ind2=" " tag="043"><subfield code="a">n-us-me</subfield></datafield><datafield ind1="0" ind2="0" tag="050"><subfield code="a">Newspaper</subfield></datafield><datafield ind1="0" ind2="0" tag="245"><subfield code="a">Gazette of Maine. Hancock advertiser.</subfield></datafield><datafield ind1="0" ind2="0" tag="246"><subfield code="a">Gazette of Maine, Hancock advertiser</subfield></datafield><datafield ind1="0" ind2="3" tag="246"><subfield code="a">Gazette of Maine, and Hancock advertiser</subfield></datafield><datafield ind1=" " ind2=" " tag="260"><subfield code="a">Buckstown, Me. :</subfield><subfield code="b">William W. Clapp,</subfield><subfield code="c">1805-1807.</subfield></datafield><datafield ind1=" " ind2=" " tag="300"><subfield code="a">v. ;</subfield><subfield code="c">43 cm.</subfield></datafield><datafield ind1=" " ind2=" " tag="310"><subfield code="a">Weekly</subfield></datafield><datafield ind1="0" ind2=" " tag="362"><subfield code="a">Vol. 1, no. 1 (July 25, 1805)-v. 2, no. 52 (June 25, 1807).</subfield></datafield><datafield ind1=" " ind2=" " tag="500"><subfield code="a">References: Shaw &amp; Shoemaker 8503; Brigham, C.S.  Amer. newspapers, p. 198.</subfield></datafield><datafield ind1=" " ind2=" " tag="530"><subfield code="a">Issued also on microfilm by Readex.</subfield></datafield><datafield ind1=" " ind2="0" tag="651"><subfield code="a">Buckstown (Me.)</subfield><subfield code="v">Newspapers.</subfield></datafield><datafield ind1=" " ind2="0" tag="651"><subfield code="a">Bucksport (Me.)</subfield><subfield code="v">Newspapers.</subfield></datafield><datafield ind1="1" ind2=" " tag="700"><subfield code="a">Clapp, William Warland,</subfield><subfield code="d">1783-1866.</subfield></datafield><datafield ind1=" " ind2=" " tag="752"><subfield code="a">United States</subfield><subfield code="b">Maine</subfield><subfield code="c">Hancock</subfield><subfield code="d">Bucksport.</subfield></datafield><datafield ind1=" " ind2=" " tag="752"><subfield code="a">United States</subfield><subfield code="b">Maine</subfield><subfield code="c">Hancock</subfield><subfield code="d">Buckstown.</subfield></datafield><datafield ind1="0" ind2="0" tag="785"><subfield code="t">Gazette of Maine. Hancock and Washington advertiser</subfield><subfield code="w">(DLC)sn 84022342</subfield><subfield code="w">(OCoLC)10357738</subfield></datafield></record>